@article{c1,
    author    = {Sennrich, Rico and Haddow, Barry and  Birch, Alexandra },
    title     = {Neural Machine Translation of Rare Words with Subword Units},
    journal   = {School of Informatics, University of Edinburgh},
    year      = {2016},
    url       = {https://www.aclweb.org/anthology/P16-1162.pdf}
}
@article{c2,
    author    = {Kesarwani, Vaibhav},
    title     = {Automatic Poetry Classification Using Natural Language Processing},
    journal   = {School of Electrical Engineering and Computer Science University of Ottawa},
    year      = {2019},
    url       = {https://ruor.uottawa.ca/bitstream/10393/37309/1/Kesarwani_Vaibhav_2018_thesis.pdf}
}

@article{c3,
    author    = {Rakshit, Geetanjali and Ghosh, Anupam and Bhattacharyya, Pushpak and Haffari, Gholamreza  },
    title     = {Automated Analysis of Bangla Poetry for Classification and Poet Identification},
    journal   = {IITB-Monash Research Academy, India},
    year      = {2015},
    url       = {http://cdn.iiit.ac.in/cdn/ltrc.iiit.ac.in/icon2015/icon2015_proceedings/PDF/12_rp.pdf}
}